<record xmlns:xsi="http://www.w3.org/2001/XMLSchema-instance" xmlns="http://www.loc.gov/MARC21/slim" xsi:schemaLocation="http://www.loc.gov/MARC21/slim http://www.loc.gov/standards/marcxml/schema/MARC21slim.xsd">

  <leader>00683nam a2200193   4500</leader>
  <controlfield tag="008">150803b2005    AG ||||| |||| 00| | spa d</controlfield>
  <datafield ind2=" " tag="020" ind1=" ">
    <subfield code="a">9508084634</subfield>
  </datafield>
  <datafield ind2=" " ind1=" " tag="090">
    <subfield code="a">06.02.01 </subfield>
    <subfield code="b">2155</subfield>
  </datafield>
  <datafield tag="100" ind1="1" ind2=" ">
    <subfield code="9">696</subfield>
    <subfield code="a">Boggino, Norberto</subfield>
  </datafield>
  <datafield tag="245" ind1="1" ind2="0">
    <subfield code="a">Cómo prevenir la violencia en la escuela : estudio de casos y orientaciones prácticas /</subfield>
    <subfield code="c">Norberto Boggino, colaboradores Kristin Rosekrans, Eduardo de la Vega</subfield>
  </datafield>
  <datafield ind2=" " ind1=" " tag="260">
    <subfield code="a">Santa Fé, Argentina :</subfield>
    <subfield code="b">Homo Sapiens Ediciones,</subfield>
    <subfield code="c">c2005</subfield>
  </datafield>
  <datafield tag="300" ind1=" " ind2=" ">
    <subfield code="a">182 páginas</subfield>
  </datafield>
  <datafield tag="490" ind1=" " ind2=" ">
    <subfield code="a">Educación</subfield>
  </datafield>
  <datafield ind2="4" tag="650" ind1="1">
    <subfield code="9">1</subfield>
    <subfield code="a">EDUCACIÓN</subfield>
  </datafield>
  <datafield ind1="1" tag="650" ind2="4">
    <subfield code="9">553</subfield>
    <subfield code="a">VIOLENCIA ESCOLAR</subfield>
  </datafield>
  <datafield ind1="1" tag="650" ind2="4">
    <subfield code="9">339</subfield>
    <subfield code="a">ESTUDIOS DE CASOS</subfield>
  </datafield>
  <datafield tag="650" ind1="1" ind2="4">
    <subfield code="9">692</subfield>
    <subfield code="a">SOLUCIÓN DE CONFLICTOS</subfield>
  </datafield>
  <datafield ind2=" " ind1=" " tag="942">
    <subfield code="2">z</subfield>
    <subfield code="c">01</subfield>
  </datafield>
  <datafield tag="999" ind1=" " ind2=" ">
    <subfield code="c">2759</subfield>
    <subfield code="d">2759</subfield>
  </datafield>
</record>